

@article{haroche_cavity_qed,
author = {Serge Haroche and Daniel Kleppner},
title = {Cavity Quantum Electrodynamics},
journal = {Physics Today},
volume = {42},
number = {1},
pages = {24-30},
year = {1989},
doi = {10.1063/1.881201},
URL = {\url{https://doi.org/10.1063/1.881201}}
}




@phdthesis{phd_thesis_schuster,
    title    = {Circuit Quantum Electrodynamics},
    school   = {Yale University},
    author   = {David Isaac Schuster},
    year     = {2007}, 
}